3616 4616
1576 264 1948 320 THE EXA.
136 316 292 364 pt. 13,
740 344 1468 396 eat the dry and withered grass around us. We now a
740 379 1468 428 down to rest ourselves, and the boy soon fell asleep; I w
744 412 1468 452 however feverish and restless, and could not close my eye
744 444 1468 484 In an hour and a half I arose, got up the horses and saddle
744 472 1469 512 them, and then, awaking my companion, we again pushe
740 504 1468 544 on by moonlight. At ten miles we crossed a well-beate
740 532 1468 572 native pathway, plainly discernible even then, and this v
740 564 1468 604 followed down towards the cliffs, fully hoping it would let
736 592 1468 632 to water. Our hopes, however, had been excited but
736 624 1469 660 render our disappointment the greater, for upon tracing
736 648 1468 692 onwards we found it terminate abruptly at a large circula
736 684 1468 724 hole of limestone rock, which would retain a considerab
736 716 1468 752 quantity of water after rains, but was now without a sing.
736 744 1468 780 drop. Gloomily turning away we again pushed on fe-
736 772 1469 812 eight miles further, and at three in the morning of the 10t
736 804 1468 840 were compelled to halt from downright exhaustion an
736 832 1469 872 fatigue. The horses and sheep were knocked up. Th
736 864 1468 900 poor boy was so tired and sleepy that he could scarcely s
735 892 1468 932 upon his horse, and I found myself actually dosing as
732 924 1469 960 walked : mechanically my legs kept moving forwards, bu
732 952 1468 992 my eyes were every now and then closed in forgetfulness o
728 984 1469 1020 all around me, until I was suddenly thrown down by get
728 1012 1468 1048 ting entangled amongst the scrub, or aroused by a sever
727 1044 1468 1080 blow across the face from the recoil of a bough after th
732 1072 1469 1112 passage of the boy's horse. I now judged we had com-
728 1108 1468 1140 about ninety-three miles from Yeerkum-ban-kauwe, an
728 1132 1469 1172 hoped that we could not be very far from water. Havin
728 1160 1468 1200 tied up the horses for an hour or two, and without makin
727 1188 1468 1228 a fire, or even unrolling our cloaks to cover us, we stretche
728 1220 1468 1260 ourselves on the ground, and were in a few moments fas
732 1252 820 1288 asleep.
748 1276 1469 1320 “March 10.—At five we were again on our route, ever,
728 1308 1468 1348 moment expecting to see a break in the line of cliffs alon;
727 1340 1468 1376 which we had now travelled so far. Alas ! they still con-
728 1368 1469 1404 tinued stretching as far as the eye could see to the west
728 1396 1468 1436 ward, and as fast as we arrived at one point which hae
724 1428 1469 1468 bounded our vision (and beyond which we hoped a change
724 1456 1468 1496 might occur), it was but to be met with the view of another
723 1488 1468 1524 beyond. Distressing and fatal as the continuance of these
724 1516 1468 1556 cliffs might prove to us, there was a grandeur and sub-
724 1544 1468 1584 limity in their appearance that was most imposing, an
724 1576 1469 1616 which struck me with admiration. Stretching out before
720 1604 1468 1644 us in lofty unbroken outline, they presented the singular
719 1636 1468 1676 and romantic appearance of massy battlements of masonry,
720 1660 1469 1708 supported by huge buttresses, and glittering in the morn-
720 1692 1468 1732 ing sun which had now risen upon them, and made the
720 1720 1469 1764 scene beautiful even amidst the dangers and anxieties of
720 1752 884 1788 our situation.
744 1792 1461 1836 In a direct line of upwards of 800 miles thus
720 1828 1460 1872 gone over by Mr Eyre, there does not seem to
716 1864 1469 1908 have been a watercourse, or a hollow of any kind,
712 1896 1468 1940 crossed ; and not a drop of fresh water accessible
711 1932 1457 1976 on the surface. It could only be obtained by dig-
712 1968 1460 2012 ging close to the sea-shore, or the sand-hills of the
711 2004 1460 2044 coast ; and even by that means was often not pro-
712 2040 1460 2084 curable for distances of 160 miles together. The
711 2076 1460 2120 dreary waste is described by Mr Eyre as an almost
712 2108 1468 2152 uniform table land of fossil formation, with an ele-
712 2144 1468 2188 vation of from three to five hundred feet; covered
708 2180 1464 2224 for the most part by dense impenetrable scrubs,
708 2216 1456 2260 and only varied on its surface by occasional sandy
708 2252 1465 2296 or rocky undulations. The dangers and sufferings
708 2288 1460 2332 of travel in such a region may be conceived ; as
708 2320 1461 2364 well as its generally uninteresting character. But
704 2356 1460 2400 every now and then a startling little trait occurs
704 2392 1453 2436 which gives the living touch of reality to the scene
704 2428 1456 2472 and again carries the reader forward, watchful and
704 2464 1461 2504 anxious for the traveller. In the following for
704 2504 844 2536 instance.
792 2548 1453 2588 . I occupied myself in writing and charting during
704 2580 1452 2616 the day, and at night amused myself in taking stellar obser-
704 2608 1449 2648 vations for latitude. I had already taken the altitude of Vega
704 2640 1444 2676 and deduced the latitude to be 32 deg. 3 min. 23 sec. S.
703 2668 1448 2708 leaving my artificial horizon on the ground outside whilst!
704 2696 1445 2736 remained in the tent waiting until Altair came to the meri-
704 2724 1452 2764 dian, I then took my sextant and went out to observe this
704 2756 1453 2796 star also ; but upon putting down my hand to take hold of
704 2784 1456 2824 the horizon-glass in order to wipe the dew off, my fingers
704 2812 1448 2856 went into the quicksilver—the horizon-glass was gone, and
704 2844 1444 2884 also the piece of canvas I had put on the ground to lie down
704 2872 1448 2916 upon whilst observing so low an altitude as that of Vega.
704 2900 1449 2944 Searching a little more, I missed a spade, a parcel of horse-
700 2932 1448 2976 shoes, an axe, a tin dish, some ropes, a grubbing-hoe, and
700 2960 1452 3004 several smaller things which had been left outside the tent,
696 2988 1444 3032 as not being likely to take any injury from the damp. It
696 3016 1452 3060 was evident I was surrounded by natives, who had stolen
692 3048 1445 3092 all these things during the short time I had been in my tent,
692 3072 1432 3120 certainly not exceeding half an hour. The night was very
692 3104 1436 3148 windy, and I had heard nothing ; besides, I was encampeo-
692 3136 1440 3180 in the midst of a very dense brush of large wide-spreading
692 3168 1452 3208 tea-trees and other bushes, any of which would afford a
692 3196 1449 3240 screen for a considerable number of natives. In daylight it
692 3224 1432 3272 was impossible to see many yards in distance, and nothin,
692 3256 1432 3300 could be discerned at night. . . . As soon as
692 3284 1440 3328 missed my horizon-glass, and entertained the suspicion
692 3312 1436 3360 of natives being about. I hurried into the tent, and
692 3344 1445 3388 lighting a large blue light, run with it rapidly through
688 3368 1432 3420 the bushes around me. The effect of this was very beauti-
688 3404 1436 3448 ful amidst the darkness and gloom of the woods, and for a
688 3436 1432 3480 great distance in every direction objects could be seen a�
692 3460 1436 3508 well as by day : the natives, however, were gone ; and I
688 3492 1441 3537 could only console myself by firing a couple of balls after
688 3520 1436 3568 them through the underwood, to warn them of the danger
688 3548 1432 3596 of intruding upon me again. I then put everything which
688 3580 1428 3628 had been left outside into the tent, and kept watch for ar
688 3608 1428 3656 hour or two; but my visitors came no more. . . . Rising
688 3636 1429 3684 very early, I set to work with an axe to clear away the
688 3668 1432 3716 bushes from around my tent. I now discovered that the
688 3700 1429 3748 natives had been concealed behind a large tea-tree no
684 3728 1428 3776 twenty yards from the tent : there were numerous foot-
684 3756 1432 3808 marks there, and the remains of fire-sticks which they had
680 3784 1421 3836 brought with them, for a native rarely moves at night with
680 3812 776 3852 out fire.
712 3856 1425 3912 Mr Eyre seems to have no hope, in spite o
680 3892 1428 3948 Capt. Sturt's cheering dispatches, that any inland
680 3928 1421 3980 sea will ever be ultimately discovered behind this
680 3960 1416 4016 vast unpromising table land. Can it be, he asks
675 3996 1413 4052 that the whole is one immense interminable desert
700 4032 1400 4088 or an alternation of deserts and shallow lakes?"
708 4076 1425 4128 Incidental to the narrative of the expeditions
676 4108 1416 4168 are many illustrations of native character : but M.
676 4152 1413 4204 Eyre, as we before said, has collected all his man,)
680 4188 1212 4236 vrars' experlences on this head in
1460 352 2248 412 ay treatise or dissertation at the close of his wor
1516 388 2249 448 The reader interested in the subject will find h
1512 424 2248 484 information curious and ample. The matte
1512 464 2249 520 treated of embrace not only the physical and mor-
1512 500 2248 556 state of the aborigines ; their habits of life, rud-
1512 532 2249 592 government, and social relations ; their languag
1512 568 2248 628 and dialects ; but also very interesting notices �
1508 608 2248 664 the effects of their contact with Europeans, an
1508 640 2249 696 some valuable suggestions for an improvement i
1508 680 2172 732 the system generally adopted towards them,
1539 712 2249 772 Our extracts are limited by our space : but t
1512 752 2248 804 even readers familiar with Captain Grey's excellen
1512 788 2249 844 dissertations, much of Mr Eyre's information wi-
1508 824 1820 868 be new and original.
1744 868 2036 916 HUSBAND AND WIFE.
1532 884 2248 952 “ Wives are considered the absolute property of the hus
1460 924 2249 980 ut ] band, and can be given away, or exchanged, or lent, ac
1504 952 2248 1008 cording to his caprice. A husband is denominated in th
1504 984 2249 1036 Adelaide dialect, Yongarra, Martanya (the owner or pro-
1512 1020 2248 1068 prietor of a wife). Female children are betrothed usuall
1504 1048 2249 1096 from early infancy, and such arrangements are usually ad
1504 1080 2248 1128 hered to ; still in many cases circumstances occur frequenthy
1460 1108 2249 1156 nd] to cause an alteration ; but if not, the girls generally go t
1500 1140 2248 1184 live with their husbands about the age of twelve, and some
1500 1168 2249 1216 times even before that. Relatives nearer than cousins ar
1504 1200 2248 1244 not allowed to marry, and this alliance does not generalljy
1499 1228 2249 1272 take place Female orphans belong to the nearest male re-
1500 1256 2248 1304 lative, as also does a widow, instead of to the nearest mal-
1499 1288 2248 1332 relative of the husband, as was found to be the case in
1504 1316 2248 1360 Western Australia by Captain Grey. Two or three month
1504 1348 2240 1392 generally elapse before the widow goes to another hus
1500 1376 2245 1420 band ; but if the wife dies, the man takes another as soof
1496 1404 2248 1452 as he can get one. If a woman, having young children
1496 1436 2249 1480 join another tribe, the children go with her ; but I am no
1496 1464 2248 1508 aware whether they would remain permanently attached to
1496 1496 2249 1540 that tribe or not. Brothers often barter their sisters for
1496 1524 2248 1568 wives for themselves, but it can only be done with the
1496 1556 2249 1600 parents' consent, or after their death. If a wife be stolen,
1496 1584 2244 1628 war is always continued until she is given up, or another
1487 1608 1752 1648 female in her place.
1548 1644 2248 1688 There is no ceremony connected with the undertaking
1491 1668 2249 1716 of marriage. In those cases where I have witnessed the
1492 1704 2248 1748 giving away of a wife, the woman was simply ordered by
1488 1732 2248 1776 the nearest male relative in whose disposal she was, to take
1488 1764 2244 1808 up her ' rocko,' the bag in which a female carries the effects
1488 1792 2244 1836 of her husband, and go to the man's camp to whom she had
1492 1820 2249 1864 been given. Marriage is not looked upon as any pledge of
1488 1852 2236 1896 chastity, indeed no such virtue is recognised. But littl-
1488 1880 2245 1924 real affection consequently exists between husbands and
1488 1908 2240 1952 wives, and young men value a wife principally for her ser-
1488 1940 2249 1984 vices as a slave ; in fact, when asked why they are anxious
1492 1968 2248 2012 to obtain wives, their usual reply is, that they may get
1491 1996 2237 2044 wood, water, and food for them, and carry whatever pro-
1492 2032 1740 2064 perty they possess."
1740 2064 1993 2100 NATIVE MODESTY.
1512 2080 2228 2132 “Innate propriety of behaviour is also frequently exhi-
1487 2120 2236 2160 bited by the Aborigines in their natural state, in the modest
1488 2148 2236 2192 unasuming manner in which they take their positions to
1484 2176 2236 2220 observe what is going on, and in a total absence of any-
1484 2204 2237 2248 thing that is rude or-offensive. It is true that the reverse
1484 2236 2236 2276 of this is also often to be met with ; but I think it will
1480 2264 2237 2308 usually be found that it is among natives who have before
1480 2296 2236 2336 been in contact with Europeans, or where familiarities have
1484 2328 2241 2368 been used with them first, or an injudicious system of treat-
1484 2356 1960 2396 ment has been adopted towards them.
1499 2376 2237 2428 “ Delicacy of feeling is not often laid to the charge of the
1480 2412 2232 2456 Aborigines, and yet I was witness to a singular instance of
1479 2440 2233 2484 it at King George's Sound. I was looking one evening at
1480 2472 2228 2516 the natives dancing, and who were, as they always are on
1479 2500 2228 2544 these occasions, in a state of complete nudity. In the
1480 2532 2228 2572 midst of the performance, one of the natives standing by as
1476 2560 2228 2604 a spectator, mentioned that a white woman was passing up
1476 2588 2229 2632 the road ; and although this was some little distance away,
1476 2620 2232 2664 and the night was tolerably dark, they all with one accord
1476 2652 2229 2693 crossed over to the bushes where their cloaks were, put
1476 2676 1996 2720 them on, and resumed their amusement."
1500 2716 2225 2768 Some representations of native ornaments, wea-
1475 2752 2228 2800 pons, and implements and works of industry, in
1476 2792 2132 2832 this part of the book, are useful to the text.
1492 2868 2212 2920 THE THEATRICAL EXAMINER.
1764 2928 1948 2968 HAYMARKET.
1504 2956 2225 3012 The False Mr Pope is a retired Hammersmith
1468 2996 2216 3044 tradesman of about five feet four, with a Ramilie
1468 3028 2213 3080 wig and tail more than half as big as himself
1468 3064 2216 3116 square-cut buckram skirts, long flapped white
1472 3104 2216 3148 waistcoat, and minute three-cornered hat, who is
1471 3140 2217 3185 passed off by a wag of a player upon a party of
1468 3176 2216 3220 petticoat admirers of Pope, for the celebrated au-
1464 3208 2221 3256 thor of the Dunciad. To fancy Mr Buckstone in
1464 3244 2212 3292 this predicament, is to have a very clear notion of
1464 3280 1853 3324 Mr Peake's amusing farce.
1492 3312 2220 3368 It is nicely presented; with abundance of pe-
1460 3352 2205 3400 ruke for the gentlemen, and of hoods, clustering
1459 3388 2204 3436 curls, cardinals, and little china, for the ladies ; and
1460 3424 2212 3472 it perpetrates a vast many abominable jokes, which
1460 3460 2205 3504 nobody but the actors and actresses can possibly
1460 3496 2212 3544 be expected to laugh at. But this is the “moral.”
1460 3532 2205 3576 The ladies are in such a state of frantic foregone
1460 3564 2208 3612 admiration of Mr Pope, that the more audacious
1460 3600 2213 3648 the flights of Mr Buckstone the wittier they are
1460 3636 2212 3680 taken to be ; and though this is rather a danger-
1460 3672 2197 3720 ous experiment for a farce, the audience help if
1459 3712 1852 3752 ont with their good-nature
1484 3740 2201 3792 Indeed it would take a troublesome amount of
1460 3776 2205 3828 the other quality to withstand Mr Buckstone's
1460 3816 2200 3864 practical points of drollery. When he takes of�
1460 3852 2201 3896 nis wig in a sudden heat, for example, and exposes
1460 3888 2192 3936 nis small bald head, Swift's mouse under a canopy
1460 3924 2197 3968 of state is nothing to it. When he effects a series
1460 3960 2200 4008 of practical Rapes of the Lock, too, he uses the
1460 3996 2197 4040 cissors like a true poet. And when he passes
1459 4032 2197 4076 rom doing to suffering, tastes the griefs as well as
1460 4068 2200 4112 glories of fame, and is well thrashed by Mr Curll’s
1460 4100 2249 4148 hairman as he leaves the player's house,—the actby
1460 4136 2204 4184 losed with a roar. There should have been no
1460 4176 2249 4224 econd. There is nothing but stale repetition in
1460 4216 2248 4260 he second act. The ladhes potort with a practical the
2243 376 3029 444 k. joke of their own, which is much more remarkable
2244 412 3040 480 �isfor its dullness than for any more lady-like quality.
2612 460 2741 500 LYCEUM.
2328 488 3025 556 An excellent new farce was played here on Mon
2288 524 3028 592 day night ; better than any piece of its class which
2288 560 3029 620 we have seen for many a day. It has nicety o
2288 596 3028 656 character, and a good broad humour. You laugh
2292 632 3029 688 and have no need to be ashamed of your mirth
2292 668 3024 728 There is neither caricature nor coarseness. W
2288 708 3029 760 cannot stay to tell the plot (which is a plot, and-
2288 740 3024 792 not told without some pains), but must brieflj
2288 776 3024 828 counsel the playgoer to see Peter Jenkins. M
2283 812 3021 864 and Mrs Keeley, Mr Wigan and Mr Meadows
2280 848 3024 900 complete an admirable cast. Mr Keeley is no
2284 884 3037 936 only an honest truth-telling fellow forced to tell
2284 920 3020 972 lies for a friend ; but a confirmed little bachelor
2284 960 3036 1008 caught, willy-nilly, in the snares of matrimony.
2283 1000 3037 1044 His dilemmas are intense, and he does justice to
2284 1032 2372 1068 them.
2400 1128 2913 1172 FOREIGN NEWS.
2584 1200 2725 1244 FRANCE.
2308 1224 3020 1280 DEATH OF M. ROYER COLLARD.—This illustrious
2276 1256 3029 1312 citizen died on the 4th inst., at his estate at Chateauvieux,
2276 1288 3028 1340 near Saint-Aignan, in the 82nd year of his age. M.
2280 1324 3033 1368 Royer Collard had been President of the Chamber of De-
2295 1356 3021 1404 uties, Member of the French Academy, and Professor of
2304 1388 2764 1432 nilosophy at the College of France.
2303 1420 3020 1468 THE SLAVE TRADE CONVENTION.—“ The vessels in-
2276 1452 3020 1500 tended to act against the slave trade are not,” says the
2284 1484 3017 1533 Constitutionnel,' “ yet ready to proceed to the coasts o
2276 1520 3012 1568 Africa. They are not to set out for six weeks or twe
2272 1552 3013 1600 months. Meanwhile communications are exchanged witl
2272 1585 3012 1632 England every day on the subject of the mission which
2272 1616 3021 1664 the two navies are to fulfil together. Recently the Ad-
2268 1648 3024 1696 miralty has drawn up regulations for day and night sig-
2268 1680 3021 1728 nals, which the English and French cruisers are to make
2272 1720 3012 1760 use of, in order to mutually recognise each other. It ap-
2272 1748 3009 1796 pears that we have approved of all the dispositions o
2267 1780 3008 1828 these regulations. It is divided into two parts ; the firs
2268 1812 3008 1860 concerning sailing vessels, and the other steamers. The
2267 1848 3005 1892 English navy has been long occupied for its own use with
2268 1880 3004 1924 a regulation of this kind for steamers, collisions of which
2264 1912 3005 1960 are both frequent and dangerous. In France, nothing
2260 1944 2664 1984 has been done in that respect."
2284 1976 3005 2020 RUMOURED RETIREMENT OF MARSHAL SOULT.—A
2260 2008 3012 2052 letter from Castres announces that the Marquis de Mor-
2260 2040 3013 2088 nay has just arrived at Soultberg. If report can be be-
2260 2076 3008 2120 lieved, the marquis, who was at Beauvais for the Council-
2260 2108 3009 2152 General, quitted that town precipitately, in consequence
2260 2140 3008 2184 of a pressing invitation from the Minister of War. The
2260 2172 3009 2216 old marshal, who declares himself exceedingly fatigued
2260 2204 3008 2248 with the struggles and difficulties which he has to en-
2256 2236 3013 2284 counter, particularly from Algeria, and who is besides
2255 2268 3012 2316 tormented with a chronic cough, again talks of withdraw-
2260 2304 2996 2348 ing from office ; but, as to withdraw at his age is to give
2255 2336 3001 2384 up public affairs for ever, he is unwilling, he says, to
2256 2368 2996 2416 take such a determination without consulting his family
2256 2400 2993 2448 The ‘France' discredits the report of the Marshal's
2256 2428 2404 2476 retirement.
2284 2464 2993 2512 VISIT OF THE FRENCH PRINCES TO THE QUEEN of
2252 2496 3004 2548 SPAIN.—On the 3rd inst., the Duke and Duchess de Ne-
2252 2528 3001 2576 mours and the Duke d'Aumale, after visiting Biarritz
2248 2564 2992 2608 and St Jean de Luz, arrived at the bridge which unite�
2248 2596 3005 2644 France with Spain. There the Princes alighted from
2248 2628 3004 2676 their carriages and crossed the bridge on foot, accompa-
2244 2660 3001 2704 nied by Count Bresson, the Erench Ambassador, the Pre-
2247 2696 2984 2740 fect of the Department of the Lower Pyrenees ; M. Aze
2244 2728 2997 2772 vedo; Gen. Boyer, Aid-de-Camp of the Duke de Ne-
2243 2760 2997 2808 mours ; Col. Jamin, Aid-de-Camp of the Duke d'Aumale,
2248 2792 2996 2836 &c. On reaching the Spanish territory they were com-
2252 2828 2989 2872 plimented by the Duke de San Carlos, a nobleman of the
2248 2860 2996 2904 Queen's Bedchamber, and Senor Arana, Master of the
2248 2892 2997 2936 Ceremonies of the Palace, in the name of the Queen, and
2244 2924 2996 2968 by Senors Olozabal and Aldamar, in that of the province
2244 2956 2997 3000 of Guipuzcoa. Gen. Barrenechea, commander of the pro-
2248 2988 2980 3036 vince, received the French Princes at the head of the
2248 3020 2997 3068 troops with all the honours due to their rank. The people,
2244 3052 2976 3100 on their side, loudly cheered them. The august party
2244 3088 2973 3132 slept at Tolosa, and entered Pampeluna on the followin
2244 3120 2972 3164 day. Accounts from Bayonne of the 8th state that the
2244 3152 2977 3196 had returned to that town in good health, highly satisfied
2243 3188 2972 3228 with the reception given them, not only at Pampeluna
2244 3224 2976 3260 but along the whole of their journey in Spain. The Duke
2244 3256 2976 3296 d Aumale travelled back through the valley of Bastan or
2244 3284 2380 3324 horseback.
2264 3320 2989 3360 FUTURE RESIDENCE OF DON CARLOS.—The ' Consti-
2244 3352 2968 3396 tutionnel' says:—“The Marquis de Villafranca is hourl
2244 3384 2973 3428 expected at Paris. He comes to solicit, it is said, autho
2244 3420 2972 3460 isation for Don Carlos and the Princess to proceed te
2244 3452 2973 3496 Rome, the climate of Bourges being injurious to the healtl
2244 3484 2980 3528 of the Princess, who was born in Brazil. If M. de
2244 3516 2981 3560 Villafranca does not obtain passports for Italy, he is
2243 3548 2988 3592 lirected to demand from the French Government per-
2244 3580 2973 3624 nission for Don Carlos and the Princess to fix their resi-
2243 3612 2928 3656 tence in such town of the south as they may choose.”
2256 3648 2980 3688 THE POPE'S SENTIMENTS TOWARDS FRANCE.—The
2244 3680 2981 3724 Journal des Debats' states that on the occasion of the
2244 3712 2980 3756 elebration of the fêtes of St Louis in the French church at
2244 3752 2981 3788 Lome, the Pope and a considerable number of cardinals
2244 3780 2960 3820 ttended. M. Rossi, the French Plenipotentiary, openee
2244 3812 2961 3852 ne door of the carriage at the church door, and thankee
2244 3844 2960 3884 is Holiness for the honour he had deigned to confer on th�
2244 3880 2961 3920 rench church. The Pope, in a voice so loud that he coule
2244 3912 2956 3952 e heard by the crowd assembled around him, replied tha
2244 3944 2957 3984 e had great pleasure in performing the pious duty, and
2243 3976 2956 4016 at he should be happy that that expression of his senti-
2244 4008 2953 4048 ents were known to the King of the French. Afte
2244 4044 2956 4080 rayers, his Holiness retired to an adjoining apartment,
2244 4072 2953 4112 here the ceremony of kissing his toe was gone through
2244 4104 2924 4149 y all the natives of France that presented themselves.
2500 4156 2672 4192 GERMANY
2244 4188 2957 4228 RIOTS IN BRUNSWICK.—Advices from Brunswick of
2467 4220 2948 4256 hat during three consecutive evenings
192 408 304 452 y in ou
84 480 304 524 y sentiment o
84 512 305 560 p erect amon
83 548 308 596 invade us witl
84 584 308 632 parous purposd
84 624 325 668 hen that dread-
83 656 304 708 s come it must
88 696 304 740 men like yot
84 728 305 772 as infamy and
84 764 324 808 and justice of
84 800 304 844 f truth amon
84 836 305 876 h are unblush
84 872 316 912 f trafficking in
84 908 309 948 ful recollectior
76 944 305 984 �e old momen-
80 980 308 1020 oer from that
80 1016 305 1056 rioteers whose
80 1056 304 1092 gh a false lano
84 1092 304 1128 ranish from the
84 1164 172 1196 Lord!
80 1228 305 1264 istance to the
84 1264 308 1300 n the noontide
88 1300 309 1332 the names of
79 1332 324 1368 ine instruments
84 1364 308 1404 ed and miser-
84 1400 305 1440 et, and strike
83 1440 304 1472 rath of Gene
84 1512 297 1548 tionist Societ
80 1544 300 1584 ke, that woule
80 1580 309 1620 so well as the
84 1612 305 1652 hlets as this
92 1648 308 1692 of thousands.
92 1684 321 1724 miserable fee-
79 1720 308 1760 wards the great
80 1760 168 1796 levise
83 1828 316 1864 ry into Central
80 1868 300 1900 Jelaide to Kind
84 1900 301 1936 nn Eyre, Resi
79 1940 300 1972 r. Two vols
92 2008 301 2044 1840 and '41
80 2040 300 2080 l employment
88 2076 305 2116 publication o
84 2112 305 2148 second volume
80 2144 308 2184 nners and Cus-
80 2184 305 2220 � state of their
80 2256 304 2292 to the northeri
80 2288 305 2328 stralia, by the
79 2328 300 2364 netrated), M
80 2360 296 2400 y of colonists
80 2396 301 2432 ell as persona
80 2432 300 2468 anction of the
80 2468 317 2504 ds from them.
80 2508 301 2540 �ns might leat
84 2540 304 2576 or at any rate
76 2576 305 2616 Continent. Ir
76 2612 308 2648 d the actual re-
80 2652 172 2684 gined.
80 2684 305 2720 nt rivers, laid
79 2720 304 2756 e colonization
100 2752 304 2792 and desolate
80 2788 309 2824 piled for more
75 2824 300 2860 st of dangers
76 2860 309 2904 �1 to three of
88 2896 301 2936 have been in
80 2936 300 2968 tre exhausted
80 2972 296 3004 s; and but fo
84 3004 297 3040 have perished
80 3032 300 3076 turdy and gal
80 3072 301 3112 by the sense o
75 3180 296 3216 ess of the bes-
76 3216 300 3252 be omitted, be-
80 3248 300 3288 pgraphical ob-
76 3288 300 3324 r Eyre's failure
80 3320 300 3360 other direc-
80 3356 292 3396 e as to these
79 3392 300 3433 siasm of the
84 3432 296 3468 ptain Sturt, to
80 3464 296 3504 rious interior
84 3500 296 3540 is a year since
80 3536 296 3572 bmmunications
79 3568 300 3608 Spear that he is
80 3604 296 3648 ong hoped-for
80 3644 300 3684 ty to the centre
76 3720 292 3752 teral character
76 3756 289 3788 sufferings (fa
84 3828 288 3864 through a simi-
76 3860 292 3896 1; but there was
80 3888 300 3924 rtravelling more
80 3916 292 3956 qub, which is dif-
76 3948 293 3984 w bush running
76 3980 292 4016 poked roots and
76 4008 292 4044 arassing obstacle
84 4036 288 4072 very tired, fron
80 4068 288 4104 every step theyj
76 4096 288 4132 ntry rising as we
152 4128 288 4164 . . Afte
83 4156 288 4192 an hour or twe
80 4184 288 4224 out of the ques-
164 4216 308 4252 attempt to
