3488 4656
3352 308 3428 336 IO-
1420 340 1968 388 THE EXAMINI
2660 352 2856 400 Sept. 13
3312 388 3464 428 eat the dry
3312 420 3469 456 down to res
3315 448 3464 484 however fe
3316 476 3465 516 In an hour
3312 508 3468 544 them, and t
3312 540 3468 576 on by mod
3316 572 3465 604 native path
3308 600 3468 636 ſollowed do
3312 628 3465 664 to water.
3307 660 3464 696 render our
3308 688 3465 724 onwards we
3307 720 3468 752 hole of lime
3304 748 3465 784 quantity of
3304 776 3468 812 drop. Glo
3304 812 3464 844 eight miles
3304 844 3469 872 were compe
3304 868 3464 904 fatigue. Th
3308 904 3465 936 poor boy wa
3303 932 3468 964 upon his he
3304 964 3464 992 walked: me
3304 992 3468 1020 my eyes wet
3300 1020 3468 1052 all around n
3300 1052 3465 1081 ting entang
3300 1076 3468 1111 blow across
3300 1104 3465 1144 passage of t
3299 1140 3468 1172 about ninet
3300 1168 3469 1200 hoped that
3296 1196 3464 1232 tied up the h
3296 1228 3468 1260 a fire, or eve
3296 1260 3469 1292 ourselves on
3296 1292 3396 1320 asleep.
3320 1308 3465 1348 “ March 1
3296 1348 3468 1380 moment exp
3296 1380 3473 1408 which we ha
3295 1408 3464 1440 tinued stret
3296 1436 3465 1468 ward, and a
3292 1468 3464 1500 bounded our
3292 1496 3460 1528 might occur)
3292 1524 3461 1560 beyond. Dit
3288 1552 3460 1588 cliffs might
3292 1588 3461 1620 limity in th
3292 1616 3460 1648 which struc
3292 1644 3461 1680 us in lofty
3288 1676 3464 1708 and romantid
3284 1708 3464 1736 supported by
3284 1732 3465 1768 ing sun whid
3284 1760 3464 1796 scene beautift
3284 1792 3465 1824 our situation.
3315 1828 3465 1868 In a dire
3284 1864 3460 1904 gone over
3280 1904 3465 1940 have been 3
3279 1940 3464 1972 crossed; an
3280 1976 3464 2008 on the surfa-
3280 2008 3465 2048 ging close to
3276 2048 3461 2080 coast ; and �
3276 2084 3460 2116 curable for
3272 2120 3461 2152 dreary waste
3276 2156 3461 2188 uniform tab
3276 2184 3464 2224 vation of fro
3272 2224 3465 2260 for the mos
3272 2256 3461 2296 and only val
3272 2296 3460 2328 or rocky un
3272 2328 3465 2364 of travel in
3272 2368 3461 2400 well as its ge
3268 2404 3464 2436 every now a
3268 2432 3461 2468 which givest
3264 2468 3461 2508 and again ca
3264 2508 3456 2540 anxious for
3264 2544 3409 2576 instance.
3328 2592 3461 2620 .. I oc
3264 2620 3460 2648 the day, and at,
3264 2648 3461 2680 vations for latite
3263 2680 3464 2708 and deduced t
3264 2708 3460 2740 leaving my arti
3260 2740 3464 2768 remained in the
3260 2768 3460 2800 dian, I then tof
3260 2796 3465 2828 star also; but 1u
3260 2824 3460 2856 the horizon-gla
3260 2848 3465 2888 went into the qi
3256 2884 3460 2916 also the piece of
3256 2912 3460 2948 upon whilst obs
3255 2940 3460 2976 Searching a litt
3256 2972 3460 3004 shoes, an axe, a
3256 3004 3460 3032 several smaller
3256 3032 3460 3064 as not being lik
3256 3056 3461 3092 was evident I wi
3252 3088 3460 3120 all these things �
3248 3116 3461 3152 certainly not exd
3248 3144 3460 3180 windy, and I ha-
3248 3180 3461 3208 in the midst of
3251 3208 3460 3240 tea-trees and ot
3252 3240 3460 3272 screen for a cont
3251 3264 3457 3300 was impossible
3248 3300 3460 3332 could be disce
3248 3328 3461 3360 missed my hor
3248 3356 3460 3392 of natives bein
3248 3384 3461 3420 lighting a larg�
3248 3412 3460 3448 the bushes arou
3244 3440 3461 3476 ful amidst the d
3243 3472 3460 3508 great distance in
3248 3500 3460 3540 well as by day :
3248 3532 3461 3568 could only conso
3244 3560 3460 3600 them through th
3244 3592 3461 3628 of intruding upo
3244 3624 3460 3660 had been left ou
3240 3652 3461 3688 hour or two; bu
3240 3680 3460 3720 very early, I set
3240 3708 3460 3748 bushes from aroj
3239 3744 3461 3780 natives had bee
3240 3772 3460 3808 twenty yards fr
3240 3796 3461 3840 marks there, and
3240 3832 3456 3868 brought with the
3236 3856 3353 3896 out fire."
3272 3896 3461 3944 Mr Eyre se
3236 3932 3460 3976 Capt. Sturt’s
3236 3964 3461 4012 sea will ever
3235 4000 3461 4052 vast unpromis
3232 4036 3460 4088 that the whole
3260 4072 3461 4124 or an alterna
3268 4112 3461 4164 Incidental t
3232 4152 3456 4196 are many illus
3232 4188 3456 4228 Eyre, as we be
3236 4228 3457 4268 y�ars' experie
564 392 1336 464 stantly communicate with the engine-driver in case of ang
564 424 1337 488 danger being perceived, was exhibited on Saturday even
564 456 1336 520 ing, at the Bristol terminus of the Bristol and Birminghan
564 488 1336 552 line, by its inventor, Mr J. R. Williams, the superintenden
568 520 1336 584 of the line. The machine consists of a large box, having
568 552 1336 616 on its top a large and sonorous bell, which is struck lik
568 588 1336 644 the bell of a clock; within this box is a piece of clock-
567 620 1337 676 work, precisely similar to that of an alarum, and a red lam
568 656 1336 708 for foggy weather of nights ; and from the box, which is in
568 680 1336 740 tended to be fixed to the nearest carriage to the engine
568 712 1336 768 ropes proceed over the roofs of the various carriages to th
568 744 1336 800 guard's box, who, upon perceiving any signal of danger o
568 772 1336 832 obstruction on the lines, has only to pull the cord, and th
568 812 1337 864 large bell is instantly rung, and the red lamp shown if a
572 840 1336 892 night, or a large board, with the word 'Stop' upon it, flie
568 868 1336 924 up, so that the engine-driver's attention is attracted botl
568 900 1336 952 by sight and sound to the impending danger. The mode
572 936 1336 984 was highly approved of by several scientific persons whe
572 964 1336 1020 viewed it, and is to be shown to Mr Hudson on Wednesdaj
572 996 1165 1040 next, on the occasion of his visiting Bristol.”
608 1040 1336 1084 It is a very praiseworthy thing in Mr Williams to en
568 1072 1336 1120 deavour to give practical shape to the recent suggestion
572 1104 1336 1152 of Count d'Orsay ; but it is surely very simple and no
576 1136 1336 1184 very ingenious, to claim as his own invention what s
575 1172 989 1216 manifestly belongs to another.
592 1268 1332 1312 THE LITERARY EXAMINER.
580 1336 1336 1380 Two Letters on Southern Slavery. Addressed te
616 1376 1337 1420 Thomas Clarkson, Esq. By J. H. Hammond
612 1408 988 1456 Columbia, United States
612 1448 1336 1488 A Planter and Slave-Owner “hailing from":
580 1484 1336 1524 place called “ Silver Bluff” (in which we fancy
576 1520 1336 1560 something so expressive of the gentleman that we
576 1556 1337 1596 can hardly imagine him to be more aptly located
576 1592 1336 1632 unless indeed it were at Brazen Bluff, which migh
576 1628 1336 1668 be better still) finds “ that having abundant leisure
580 1664 1336 1704 it will be a recreation to him ” to write a couple o
576 1700 1336 1740 letters to Thomas Clarkson. Accordingly, in some-
580 1736 1336 1772 spare intervals of Julep, Cocktail, Moral 'Suasior
576 1772 1336 1808 and the like, and with the flavour of these strong
576 1808 1336 1844 drinks rather hot upon him, he “ goes a-head" a
580 1844 1336 1880 a pace which we believe is familiarly compared it
580 1880 1336 1920 his own country to greased lightning ; and show�
583 1916 1336 1956 that Slavery, as now existing in America, is a
580 1952 1336 1988 sacred, holy, blessed institution ; expressly founded
580 1988 1336 2028 and commanded by Almighty God, and not to be
580 2020 1336 2060 disputed but by infidels and blasphemers. “The
584 2056 1336 2100 gates of Heaven are barred," says the Ordinary to
580 2100 1332 2132 Jonathan Wild, “ against all revilers of the clergy.
580 2132 1337 2172 They are barred, and double-locked, and bolted
580 2164 1336 2212 says religious Hammond, against all revilers o
584 2208 696 2248 Slavery
612 2244 1336 2292 It will be immediately seen that J. H. Hammond
579 2280 1336 2324 is a pious man. Of his “spiritual sprinkling,” at
584 2316 1337 2360 Mrs Cole calls it, Slavery has been the precious
580 2352 1336 2396 instrument. American Slavery is to Hammond
584 2388 1336 2432 what precious Mr Squintem was to Mrs Cole. Buj
580 2424 1336 2464 for it, he might have been tossing in the sea of sin-
580 2460 1336 2504 like a ship, without rudder or compass ; “ migh
580 2496 1337 2536 have struck against the rocks of reprobation ; and
580 2532 1336 2572 have been quite swallowed up in the whirlpool o
580 2568 1336 2608 despair.” But happily for him, his lot was cast ir
580 2600 1336 2644 Carolina; so he buys, and sells, and breeds, and-
576 2640 1336 2680 flogs, and maims, and does the will of his Father
576 2680 873 2724 which is in Heaven
608 2716 1336 2760 Abolition is impossible, says he. “There is a
576 2752 1336 2796 God who rules this world—All-Powerful—Far-see
576 2784 1336 2832 ing. He does not permit His creatures to foil His-
576 2820 1336 2868 designs.” Slavery in all its beautiful forms is His
576 2856 1337 2908 design. Therefore, the Clarksons fail. Therefore
576 2896 948 2944 the Hammonds triumph
616 2928 1336 2980 “We accept the Bible terms,” says Hammond
612 2968 1336 3012 as the definition of our Slavery, and its precepts aa
584 3004 1336 3048 the guide of our conduct. We desire nothing more
584 3040 1337 3088 Even the right to  buffet,' which is esteemed se
584 3072 1336 3128 shocking, finds its express licence in the Gospel.—
584 3116 800 3164 1 Peter, ii, 20.
612 3156 1336 3200 And is piously and religiously recognised in this
584 3188 1336 3236 part of the Law of North Carolina, which happens to
584 3224 1337 3272 lie ready to our hand. " Provided always, this ac-
584 3260 1336 3308 [an act for pretending to make the wilful slaughter
584 3300 1336 3340 of a slave, murder] shall not extend to the persor
584 3332 1336 3376 killing a slave outlawed by virtue of any act o
584 3364 1336 3408 assembly of this State, or to any slave in the ac-
584 3404 1336 3444 of resistance to his lawful owner, or to any slave
584 3440 1336 3480 DYING under MODERATE CORRECTION "!—as adminis-
584 3472 1336 3516 tered according to the Gospel of 1 Peter, ii, 20, 0
584 3512 704 3548 course.
616 3548 1336 3588 It appears that the Scriptural directions, on the
583 3588 1336 3624 head of the personal disfiguremeut of slaves, art-
588 3624 1228 3660 very precise indeed. For, says Hammond,
612 3656 1336 3696 “ God directs the Hebrews to bore holes in the ears o
584 3688 1132 3732 their brothers to mark them.—Ex. xxi, 6.”
620 3728 1336 3768 The ear is therefore, with these new children o
583 3760 1336 3804 Israel, a very favourite place in which to disfigure
584 3796 1325 3840 slaves. “ Brought to jail, John. Left ear cropt.
612 3836 1336 3876 Taken up, a negro man. Is very much scarred
584 3872 1336 3912 about the ear and body, and has the left ear bit
584 3904 1336 3944 off.” " Ran away, a negro boy, Jack. Has a smal
584 3940 1336 3980 crop out of his left ear." " Ran away, Joe Dennis
584 3972 1337 4016 Has a small notch in one of his ears.” "Ran away
584 4008 1336 4056 ne�ro man, Ivory. Has a small piece cut out of the
584 4044 1336 4092 top of each earThese are some of the adver-
584 4080 1336 4124 tisements emanating from bereaved slaveholders
584 4112 1336 4160 which were republished by Mr Dickens—that impure
576 4148 1337 4196 fountain, as Hammond calls him. It is gratifying to
580 4184 1336 4232 observe the close adherence to the text, Ex. xxi, 6
576 4220 1336 4264 and to know how diligently these good people ac
596 4256 1336 4304 up to the very letter of their Bibles. Who, after
1372 432 2112 480 this, can challenge this most pious writer, when h
1376 464 1476 508 adds—
1432 512 2112 560 I think, then, I may safely conclude, and I firmly be
1372 540 2112 592 lieve, that American Slavery is not only not a sin, but espe-
1372 572 2112 620 cially commanded by God through Moses, and approved be
1372 604 1740 652 Christ through His apostles!
1404 648 2112 696 An Institution, founded and approved on suc
1372 680 2113 728 authority, cannot fail to be a perfect heaven o
1371 716 1468 760 earth.
1424 756 2112 804 Our slaves are the happiest three millions of huma
1372 788 2112 832 beings on whom the sun shines. Into their Eden is comin
1372 820 1836 868 Satan in the guise of an abolitionist.
1404 864 2112 908 Nor can it fail to be again and again confirme
1372 900 2112 944 in Holy Writ, as thus ; the italics being Ham-
1372 936 1556 976 monds own.
1396 972 2112 1020 “ At the hazard of fatiguing you by repetition, I wi
1372 1008 2112 1048 again refer you to the ordinances of the Scriptures. Innu
1372 1036 2112 1076 merable instances might be quoted where God has give
1372 1072 2112 1108 and commanded men to assume dominion over their fellot
1372 1100 2112 1136 men. But one will suffice. In the 25th chapter of Levi-
1372 1132 2112 1168 ticus, you will find Domestic Slavery—precisely such as:
1372 1160 2112 1196 maintained at this day in these States—ordained and esta
1371 1192 2112 1228 blished by God, in language which I defy you to pervert s
1372 1220 2112 1260 as to leave a doubt on any honest mind that this Institutio
1372 1256 2000 1288 was founded by Him, and decreed to be perpetual.
1372 1284 1516 1332 Or thus :
1396 1320 2112 1368 “ In the time of Christ it was usual for masters to pr
1372 1360 2112 1396 their slaves to death on the slightest provocation. The
1372 1392 2112 1428 even killed and cut them up to feed their fishes. He wa
1372 1420 2112 1456 undoubtedly aware of these things, as well as of the lat
1372 1444 2112 1488 and commandment I have quoted. He could only hav
1372 1480 2112 1516 been restrained from denouncing them, as he did the ' le
1372 1508 2112 1544 talionis,' because he knew that, in despite of these barba
1372 1540 2112 1576 rities, the Institution of Slavery was at the bottom a soun
1372 1568 1856 1604 and wholesome as well as lawful one.”
1408 1608 2112 1656 We have no doubt in our own mind, now, tha
1372 1648 2112 1688 the miraculous draught of fishes, and the few smal
1372 1684 2112 1724 fishes that were the subject of the Miracle, had al
1372 1720 2112 1760 been fed on slaves ; and that they were especially
1372 1756 2112 1796 selected by the Divine Preacher of the Sermon of
1372 1792 2112 1828 the Mount, by reason of their sound and whole
1372 1828 1584 1864 some fattening
1396 1860 2112 1908 But Slavery in America is not only surroundee
1372 1900 2112 1940 by the halo of religion, it appears ; it is embellishe�
1372 1936 1836 1972 with a poetry peculiar to itself.
1388 1968 2112 2016 “Our patriarchal scheme of domestic servitude is indee
1372 2008 2080 2044 well calculated to awaken the higher and finer feeling�
1372 2040 2112 2072 our nature. It is not wanting in its enthusiasm and it
1372 2064 2112 2104 poetry. The relations of the most beloved and honoure-
1372 2092 2112 2132 chief, and the most faithful and admiring subjects, whic
1372 2128 2112 2160 from the time of Homer have been the theme of song, ar
1371 2156 2112 2192 frigid and unfelt compared with those existing between th
1372 2188 2112 2220 master and his slaves—who served his father, and rocke
1372 2216 2112 2252 his cradle, or have been born in his house-hold, and loo
1372 2248 2112 2280 forward to serve his children—who have been through lif-
1372 2276 2112 2312 the props of his fortune, and the objects of his care—wh
1372 2308 2112 2340 have partaken of his griefs, and looked to him for comfor
1372 2332 2112 2372 in their own—whose sickness he has so often watched ove
1372 2368 2112 2400 and relieved—whose holidays he has so often made joyou
1372 2396 2112 2432 by his bounties and his presence : for whose welfare wher
1372 2424 2112 2460 absent his anxious solicitude never ceases, and whos
1372 2456 2112 2492 hearty and affectionate greetings never fail to welcome hir
1372 2484 1456 2520 home.”
1392 2520 2112 2560 How strange it is ; how striking an example o
1372 2556 2112 2600 the perversity of human nature—of black huma
1372 2592 2112 2632 nature, at all events ; that from all this Homeri
1371 2624 2113 2668 poetry these happiest human beings on whom th
1372 2660 2112 2704 sun shines in its course will run away perpetually
1372 2696 2112 2740 filling the newspapers in the Slave States, so surelj
1372 2728 2112 2776 as their publication days come round, with adver
1372 2764 2112 2808 tisements descriptive of their gashed and rotter
1372 2800 2112 2844 persons, at which the wicked stomachs of infidel
1372 2840 2112 2876 sicken, and against which the whole soul of mar
1372 2876 1480 2912 rebels!
1404 2908 2112 2952 The God-appointed owners are ‘ the fathers' o
1372 2944 2112 2984 the slaves ; ' their shepherds ;' everything that it
1372 2980 2112 3020 Arcadian, patriarchal, and protective ;—Hammone-
1372 3016 2112 3056 says a thousand times. But mark the sudder
1372 3052 2112 3092 descent from the Cross ; the rapid fall from Heaver
1372 3088 2112 3128 to Earth ; the flying off of Mrs Cole, at a tangent
1371 3124 2112 3160 from Squintem to the black-eyed girl of Rosemary
1372 3156 2112 3196 lane ; which is revealed in the following short para-
1372 3192 2028 3232 graph. The only honest one in fifty pages.
1384 3228 2112 3272 “ Nay, supposing that we were all convinced, and though
1372 3264 2112 3300 of slavery precisely as you do, at what era of ' moral 'sua
1372 3292 2112 3332 sion ' do you imagine you could prevail on us to give up:
1372 3324 2112 3360 thousand millions of dollars in the value of our slaves, ane
1372 3356 2112 3392 a thousand millions of dollars more in the depreciation o
1372 3384 2112 3420 our lands, in consequence of the want of labourers to culti-
1372 3412 2112 3448 vate them ? Consider: were ever any people, civilized o
1372 3440 2112 3480 savage, persuaded by any argument, Human or Divine, te
1372 3468 2092 3508 surrender voluntarily two thousand millions of dollars ?”
1400 3512 2112 3548 Even Pious Hammond's Piety comes down te
1372 3548 2112 3588 dollars. Come ! Buy us off, says Hammond ; and
1372 3584 2113 3620 we'll soon accommodate our Bibles to the bargain
1372 3620 2112 3656 You shall have them, in, if you will only buy us
1372 3656 2112 3692 Yet Hammond thinks that when a base dollar-
1372 3692 2112 3728 bears a blasphemous presentment of the author of
1372 3720 2112 3768 all goodness on its front, it will be taken for celes-
1372 3760 2036 3800 tial coin, and will have your true angelic ring-
1400 3796 2112 3836 The Devil is never so simple as when he quotes
1372 3832 1756 3872 Scripture for his own ends
1396 3864 2108 3912 Hammond defies public opinion. “As for the
1372 3904 2108 3944 suggestion, to exclude slaveholders from your
1372 3940 2108 3976 London clubs,” says he, “ we scout it. Many o
1372 3972 2108 4012 us, indeed, do go to London, and we have seer
1372 4008 2108 4048 your breed of gawky Lords both there and here”—
1372 4044 2112 4084 (he seems to have contemplated " the breed " with
1371 4080 2108 4120 a true dealer's eye, by the way)—“but it never en-
1372 4112 2108 4156 tered into our conception to look on them as bet-
1372 4148 2100 4188 ter than ourselves. Nor can we be annoyed by
1372 4184 2112 4224 the ridiculous airs of such upstarts as your O'Con-
1372 4220 1968 4256 nells, Ritchies, Macaulays, and the like.”
1372 4256 2112 4296 But, oh Godlike-Hammond, we can be annoyed
2144 436 2892 484 —we can be made very restless and uneasy in our
2148 472 2884 520 slave-poetry-surrounded beds—by the idea of “any
2148 512 2884 556 foreign nation being so lost to every sentiment of
2148 544 2884 596 civilized humanity as to attempt to erect among
2151 584 2896 628 us the standard of revolt, or to invade us with
2148 620 2900 664 Black Troops, for the base and barbarous purpose
2148 656 2896 700 of stirring up servile war.” And when that dread-
2148 688 2884 736 ful hour of retribution shall arise—as come it must
2148 724 2892 772 one day from some dark quarter, if men like you
2152 760 2888 812 perpetuate this system of atrocious infamy and
2152 796 2884 844 wrong, this scandal to the truth and justice o
2147 836 2884 880 mankind—may some scant grain of truth among
2148 868 2884 912 the monstrous distortions of it which are unblush-
2148 904 2892 948 ingly put forth to shield the crime of trafficking in
2148 944 2892 984 human life and liberty ; some grateful recollection
2148 976 2896 1016 in the breast of an old slave for some old momen-
2152 1011 2892 1052 tary kindness done; preserve the doer from that
2152 1051 2892 1088 Red Sea in which the host of charioteers whose
2147 1088 2888 1128 cars are dragged by slaves through a false land
2148 1124 2900 1164 assuming to be free, shall surely vanish from the
2148 1160 2252 1200 earth !
2464 1180 2748 1232 “ Not to-day, O Lord:
2288 1216 2460 1264 O not to-day,
2148 1260 2880 1300 but in the fulness of their blind resistance to th
2148 1296 2900 1336 dictates of Humanity and Right ; in the noontide
2147 1332 2900 1368 of their outrageous prostitution of the names of
2148 1368 2900 1404 Liberty and of Religion ; raise up thine instruments
2148 1400 2896 1440 of vengeance from among the lashed and miser-
2148 1440 2896 1480 able beings crouching at their feet, and strike
2148 1468 2900 1516 them down with the accumulated wrath of Gene-
2148 1508 2264 1552 rations!
2180 1544 2880 1584 There is no effort that any abolitionist Societ-
2143 1580 2880 1620 in any part of the world could make, that woule
2148 1616 2880 1656 serve the cause of abolition half so well as th
2148 1652 2880 1692 wide dissemination of such pamphlets as this
2152 1688 2892 1728 They should be reprinted by scores of thousands.
2148 1724 2896 1764 Their incredible audacity, and their miserable fee-
2148 1760 2900 1800 bleness, are means more potent towards the great
2144 1796 2772 1836 end than any that ingenuity could devise.
2144 1868 2884 1908 Journals of Expeditions of Discovery into Centrat
2180 1904 2876 1944 Australia, and Overland from Adelaide to Kint
2184 1936 2880 1980 George's Sound. By Edward John Eyre, Resi-
2180 1968 2880 2016 dent Magistrate, Murray River. Two vols
2180 2008 2296 2052 Boone.
2180 2044 2876 2084 These expeditions were made in 1840 and '41
2147 2080 2884 2120 but the author's subsequent official employments
2144 2116 2884 2156 in South Australia delayed the publication of
2144 2152 2888 2192 his book. The greater part of the second volume
2144 2188 2896 2228 is devoted to an account of the Manners and Cus-
2148 2224 2892 2264 toms of the Aborigines, and of the state of their
2148 2260 2524 2304 relations with Europeans,
2176 2296 2885 2336 In undertaking his expeditions into the northern
2148 2332 2880 2372 interior of Australia (Central Australia, by the
2148 2368 2880 2404 way, he cannot be said to have penetrated), Mi
2152 2404 2892 2440 Eyre represented the general body of colonists,
2148 2436 2892 2476 and took part in the pecuniary as well as personal
2148 2472 2884 2512 risk ; but received the general sanction of the
2148 2508 2892 2548 Government, and some particular aids from them.
2152 2544 2885 2588 The hope was that these expeditions might lead
2148 2576 2884 2624 to the discovery of a good country, or at any rate
2148 2612 2900 2656 open an available route across the Continent. In
2148 2644 2900 2692 both points anticipation failed ; and the actual re-
2148 2688 2752 2724 sult is as dreary as can be well imagined
2176 2720 2884 2760 Mr Eyre discovered no important rivers, laic
2148 2756 2900 2796 open no fertile regions for future colonization.
2148 2784 2889 2832 He found nothing but a sterile and desolate
2148 2824 2892 2864 wilderness. Through this he toiled for more
2144 2860 2892 2900 than twelve months, in the midst of dangers
2144 2896 2892 2936 and sufferings which proved fatal to three of
2144 2932 2900 2972 his small party. These appear to have been in-
2144 2968 2888 3008 deed appalling. Their supplies were exhausted;
2144 3004 2900 3044 they had to kill and eat their horses ; and but for
2147 3040 2896 3080 a lucky accident at last, must surely have perished.
2148 3072 2900 3116 His narrative has the interest of a sturdy and gal-
2148 3112 2892 3152 lant perseverance, unrewarded but by the sense of
2144 3148 2884 3188 duty : interest of any other kind it has necessarily
2144 3184 2892 3224 little. But this is much in itself. Mr Eyre writes
2144 3220 2888 3260 with the plain unaffected earnestness of the best
2144 3252 2900 3296 of the old travellers. It is not to be omitted, be-
2143 3288 2900 3332 sides, that several important geographical ob-
2144 3324 2896 3368 servations were made ; and that Mr Eyre's failure
2144 3360 2896 3404 suggested schemes for success in other direc-
2144 3396 2884 3440 tions. Naturally, he is not sanguine as to these;
2144 3432 2896 3476 but he speaks with warm enthusiasm of the
2140 3468 2900 3508 effort at present in progress by Captain Sturt, to
2140 3504 2884 3548 lift the veil from that still mysterious interior
2139 3540 2900 3584 which he failed himself to raise. It is a year since
2140 3576 2884 3620 Captain Sturt set out, and, by communications
2140 3608 2888 3652 since received from him, it would appear that he is
2140 3644 2884 3692 sanguine of having realized the long hoped-for
2140 3680 2896 3728 sea, and of having at last found a key to the centre
2140 3720 2380 3764 of the continent.
2168 3752 2880 3792 A brief extract will show the general characte�
2139 3788 2892 3832 of Mr Eyre's narrative, and the sufferings (far
2140 3828 2712 3864 from the most desperate) of his party.
2160 3860 2876 3904 “ March 9.—Moving on early we passed through a simi-
2140 3896 2876 3936 lar country to that we had before traversed ; but there wa
2140 3928 2892 3964 more of the tea-tree scrub, which made our travelling more
2140 3952 2892 3992 difficult and fatiguing. This kind of scrub, which is dif-
2140 3984 2876 4024 ferent from any I had seen before, is a low bush running
2140 4016 2892 4056 along the ground, with very thick and crooked roots and
2139 4048 2888 4084 branches, and forming a close matted and harassing obstacle
2140 4076 2876 4116 to the traveller. The sheep and horses got very tired, fron
2140 4108 2876 4144 having to lift their legs so high to clear it every step they
2140 4132 2876 4172 took. To the westward we found the country rising as we
2140 4160 2876 4204 advanced, and the cliffs becoming higher. .. . . After
2140 4192 2884 4232 travelling twenty-five miles we halted for an hour or two
2140 4220 2876 4264 to rest the sheep and horses, feeding was out of the ques-
2140 4252 2884 4292 tion, for they were too much in want of water to attempt to
