3584 4616
204 276 276 324 .1.
148 368 284 416 EVIE
1544 520 2760 600 LKAMLLLVLL.
1444 680 2865 732 SATURDAY, SEPTEMBER 13, 1845. PRI�
968 528 1380 592 A
100 676 324 732 V, No. CLII,
772 688 972 736 No. 1963.
2256 808 3012 852 responsibilities and to transfer them to a jury
2272 844 3021 888 and that in the investigation only of one charge
2271 880 3028 920 while there are more than a score more of the
2272 916 3020 956 same nature. And suppose the person who has
2272 952 3020 992 been M'Dougal's accuser should make an inju-
2271 988 3012 1028 dicious choice in the selection of a case, and pitch-
2272 1024 3016 1064 upon one the substantiation of which may be
2272 1060 3028 1100 difficult. Have the Commissioners any right to
2271 1096 3024 1136 run the hazard, and with it to take the chance of
2268 1132 3016 1168 continuing in his place of trust a man who may be-
2272 1168 3028 1204 guilty of all the rest of the shameful charges, or of
2268 1196 3025 1240 any of them ? For what are these Commissioners
2271 1236 3012 1276 paid by the public if they are to thrust off their
2268 1272 3016 1312 duties upon Mr Westlake and a jury ; Mr West-
2268 1312 3008 1348 lake having to select a solitary case, and a jury to
2267 1344 3020 1384 investigate and decide on it ? Why is Mr West-
2264 1380 3020 1416 lake to perform imperfectly the office of the Com-
2268 1416 2448 1452 missioners?
2292 1448 3005 1492 If the Board at Somerset house be not compe
2264 1484 3020 1528 tent to judge of these charges, or to make its own
2264 1524 3004 1564 selection of such as should be submitted to a jury
2264 1556 3012 1596 the sooner it is swept away as useless, or, worse,
2263 1588 3016 1632 as the screen to the most shameful abuses, the
2268 1628 3016 1668 better. Its whole anxiety seems to be to diminish
2268 1664 3012 1704 the chances of discovering the master's guilt, if
2263 1704 2460 1744 guilty he be.
2292 1736 3004 1780 If it be thought permissible at Somerset house
2264 1768 3016 1816 that peculations for amiable domestic purposes
2263 1808 3004 1848 should occur in workhouses, that weekly drunken-
2264 1844 3020 1884 ness should have indulgence, and that unions
2264 1880 3004 1916 should be converted into seraglios, let it all be
2260 1916 3004 1952 openly avowed; and the public assessed to the
2263 1948 3012 1988 poor will know how to take their measures to
2260 1984 3008 2024 abate the nuisance and imposition for its support.
2264 2020 3008 2060 Let us have no false pretences, no mockery of jus-
2259 2056 2996 2096 tice. Let it be made known whether or not the
2260 2092 3004 2132 place of master of a union be peculiarly desirable
2260 2124 3008 2164 for debauchees, who may perhaps, with this exam-
2260 2160 2893 2200 ple, be tempted to bid for the appointment.
2288 2192 2996 2232 The Matron is to be suspended; we see, as if
2256 2228 2996 2268 there could be any shadow of question as to the
2256 2264 3004 2304 impropriety of continuing her in her place, her acts
2255 2300 3008 2340 of violence to the witnesses who had given evidence
2256 2336 3008 2376 against her husband, having been confessed by her
2256 2372 2836 2412 husband’s not very scrupulous counsel.
2348 2432 2896 2484 THE LAST REPEAL CROTCHET
2284 2472 3004 2520 Exhorting the Repeal Association to exert them-
2256 2512 3004 2548 selves strenuously to return seventy Repealers not
2255 2544 3008 2584 to sit in Parliament, and who are to be non-repre-
2256 2576 2780 2624 sentatives, Mr O’Connell remarks—
2276 2620 3000 2660 “ You should in all your official correspondence with the
2259 2652 3004 2688 country imitate the Delenda est Carthago of the Roman
2260 2672 2420 2724 statesman—
2288 2712 2996 2760 When we had read so far we thought the motto
2256 2748 2996 2792 delenda Carthago not inaptly chosen for the ob-
2256 2788 2996 2828 ject, the Carthago being the Irish representation,
2256 2820 2996 2864 which is to be made a nullity, blotted out of exist-
2256 2860 2996 2900 ence; but the Irish reading of delenda Carthago
2255 2892 2988 2936 is, we find, the very contrary to destructive, it sig-
2256 2932 2996 2972 nifying Hibernicè vitality and regeneration. Mr
2256 2968 2988 3008 O'Connell continues the sentence from the place of
2255 3004 2580 3044 bur interruption of it.
2272 3040 2984 3080 “ with this difference—that instead of suggesting anything
2256 3068 2984 3112 lestructive, your suggestions will tend to renewed vitality
2256 3100 2588 3140 ind national regeneration."
2275 3136 2980 3180 Politics and singing have of late years become
2256 3172 2980 3220 closely connected. France, enraged by the Treaty
2256 3204 2976 3252 of July, took her revenge by singing the Marseil
2255 3244 2988 3288 aise morning, noon, and night. Europe bore it,
2256 3280 2980 3324 end, thank heaven, we have passed through that
2256 3320 2436 3360 uneful crisis
2271 3352 2977 3400 Mr O'Connell having seen what great things car
2256 3384 2976 3436 pe done by vocal concert, proposes a duet of the
2256 3420 2976 3472 �range and green. His plan for the reconciliatior
2256 3456 2988 3504 �f tunes, hitherto at deadly discord, is thus rea-
2255 3500 2356 3540 oned—
2264 3532 2992 3576 “Mr O'Ferrall, of Dungannon, is made to call the tunes
2256 3564 2980 3608 layed by the Orange band ' party tunes.' Now, there are
2255 3588 2989 3636 o such things as 'party tunes' in the repeal agitation—
2256 3624 2980 3664 here is a marked distinction between 'national airs' and
2256 3648 2988 3696 party tunes.' Whilst we were struggling for emancipation
2256 3680 2976 3724 ere were party tunes—tunes intended to convey insul
2256 3712 2977 3752 nd resistance to the Catholics and their claims. But the
2256 3740 2988 3784 Tatholics (as such) have no longer any claims to make ; the
2256 3768 2972 3812 ate of party tunes is therefore over. As to the Repealers
2256 3796 2984 3840 o Irish tune can possibly be disagreeable to them—and
2256 3828 2988 3872 ven if it were disagreeable, the Repealers ought cheerfully
2256 3856 2988 3900 »concede to brother Irishmen the selection of any airs that
2256 3884 2984 3932 leased themselves. Besides, the ' Boyne Water,' for ex-
2256 3912 2988 3960 ople, is a beautiful air. The southern Repealers have in
2255 3944 2972 3992 lany places taken it up as a national air, and I hope it wil
2256 3968 2984 4020 pon become general with the Repealers of the north, as
2256 4000 2972 4052 ell as those of the south. Let the Repeal wardens com-
2256 4028 2972 4080 Bunicate to such Catholics as are not Repealers our earnes:
2255 4056 2972 4112 dvice to listen cheerfully and merrily to any tunes the
2256 4084 2972 4140 Brangemen may play, and thus to make music what it
2256 4112 2968 4168 ught to be—the source of harmony, and not of discord
2256 4140 2964 4196 nongst Irishmen of all persuasions. As to the Repealers
2308 4176 2980 4224 im join in such tunes ; nobody then can consider them
1496 808 2229 848 sistant Commissioner he has shown himself utter
724 816 2228 884 THE POLITICAL EXAMINDM.undt but he appears qualified to make a very sui
724 872 1964 940 If I might give a short hint to an impartial writer, it weuld be to tell him able assistant to Mr M‘Dougal)
748 932 2228 992 ing unbiassed truth, let him proclaim war with mankind—neither to stopped the inquirv, and made the following me
748 976 1765 1028 upon him with the iron hands of the law ; if he tells them of their dest proposals :—
748 1000 2196 1064 virtues, when they have any, then the mob attacks him with slander.]  “ Poor-Law Commission office,
744 1044 2228 1092 and thon he may go on fearless ; and this is the course I take my- Somerset house, 9th September, 184
744 1068 2228 1120 self.—DE FOE. “ Sir,—The Poor-law Commissioners have had und
1492 1108 2228 1148 consideration the length to which the inquiry at Andove
800 1128 2228 1180 THE ANDOVER UNION INQUIRY.has already extended, and the suspense as well as the outla
756 1168 2229 1216 In pity to the Assistant Commissioner it was to which both parties interested in this inquiry have nece�
724 1196 2228 1248 high time to stop the inquiry into the conduct ofsarily already been exposed. All this must be still furthe
724 1228 2228 1284 worthy Mr M'Dougal, of the Andover Union Work- increased if the inquiry is continued in the same form. O
720 1276 2228 1328 house. Thirteen days of self-exposure was quite some, at least, of the questions now raised should be brougl
720 1312 2228 1356 as much as Mr Parker could bear. His zeal was before a jury, they have determined to take the followin
724 1348 1621 1388 vast, but his dexterity mean, and wretchedly course :—
720 1368 2192 1424 clumsy were his attempts to screen the accused, to “1. The commissioners will cause an indictment to
720 1420 2228 1476 abash the witnesses, and obstruct the discovery of of assault, with an improper intention, alleged to hav
720 1456 2228 1504 the truth. Under his countenance and encourage- been committed on a pauper whilst an inmate of the work
720 1492 2228 1536 ment, however, the professional licence had fullhouse. The commissioners will take any case which yot
720 1528 2229 1568 indulgence, and the Counsel for M'Dougal gave a as the accuser of the master, may suggest, and will caus
716 1556 2228 1604 turn of ribaldry and indecency to the examinationthe bill to be preferred at the next quarter sessions, whic
716 1588 1948 1640 to the last degree disgusting. Indeed, gross as take place in the month of October.
716 1636 2228 1684 are the offences charged, they are less scandalous, information before justices to be laid against the master o
716 1672 2228 1716 less pernicious, less mischievous in example than matron, under section 97 of the Poor-law Amendment Act
716 1708 2229 1744 the attempts to screen them from detection and for any one act of embezzlement or misapplication of food
712 1736 2228 1784 punishment, which hold out the promise of impu-clothing, or goods belonging to the union which you ma
712 1768 1572 1820 nity to every licentious brute who happens to be select.
716 1816 2228 1864 placed at the head of a workhouse. The principle the inmates have not received their full and proper allow
712 1848 2228 1892 that has governed the inquiry seems to have been,ance of food. It is needless to say that if the master i
712 1884 2229 1924 that paupers were to be supposed incapable of convicted by a jury on the first of these charges the com
712 1916 2116 1960 speaking the truth ; and that if any immorality missioners would at once dismiss him from office.
1492 1408 2228 1444 preferred against the master in respect of any one cas
708 1992 2228 2040 immorality could be practised towards them withhereafter. If an indictment for embezzlement or theft be
708 2028 2228 2068 impunity. One woman replied, with point andthought more effective, the commissioners have no objectior
708 2064 2229 2100 spirit, upon the attempt to invalidate her evidence to that form of proceeding, instead of the information
708 2092 2004 2136 on the score of character, that it did not follow under the 97th section above referred to.
712 2164 1928 2216 was to make her sin again against her will.in bringing the matter to an issue.
740 2200 2228 2244 M'Dougal has not had the opportunity of making“ In order to remove misapprehension the commissioners
711 2236 2228 2276 his defence, and therefore we shall not give any] wish it to be understood that they will cause the indictment
708 2264 2229 2312 opinion on the host of evidence against him ; but to be prepared, and the bill to be preferred, and the infor-
708 2296 2228 2348 whatever may be the merits of the case, the oar- mation to be laid at the cost of the commission. But the
708 2344 2224 2396 tiality of the Assistant Commissioner in the inves-] posal any subsequent expenses, either for the prosecutior
704 2380 2228 2424 tigation of it allows of no dispute, it is as flagrantor the defence. The parties making the charge can in this
703 2416 2228 2452 as folly and injustice combined could make it. We as in every other case, take their own measures to obtain
704 2444 2229 2488 could quote a score of gross instances, but the ex- conviction ; and the master must of course provide for his
704 2484 2228 2544 ample we give will serve as well as a hundred.]“The commissioners will also recommend the board of
736 2524 2164 2568 A witness was giving evidence of M'Dougal's guardians that they suspend the master and matron
700 2552 2224 2600 habits of drunkenness—the result of the indictment and information are known
728 2588 2220 2636 “ By Mr Curtis.—He once read the Lord's prayer twice, and place some other persons in charge of the workhouse
700 2628 2221 2664 and the prayer before ‘ the Grace of our Lord.' It was in] The discretion of doing this is by the regulations of the
700 2656 2224 2692 the evening. He read the prayer, ' Dearly beloved breth-commissioners vested in the board of guardians. The
704 2684 2220 2724 ren,' &c.commissioners can dismiss, but this of course is a step im
744 2716 2228 2752 Don't you know that there is no prayer, but sentences plying a final decision on the merits of the case, on which
700 2744 2228 2784 of Scripture, before that ?—That is of no consequence.no evidence as regards the master is yet before the com-
748 2772 2224 2812 Mr Parker.—What do you mean by that ? Do you say missioners, and on which they must be understood as
704 2804 1897 2840 they are of no consequence ?expressing no opinion whatever.
752 2828 2224 2872 Witness.—No ; not the prayers. Oh, no. What I said] “Mr Parker, assistant-commissioner, will be directed, on
704 2864 2224 2900 was of no consequence. The prayers are very good. [the receipt of a copy of this letter, to suspend all further
728 2892 2228 2932 Mr Curtis.—How dare you say that what you state upon  inquiry until the result of the indictment and information
700 2924 2216 2960 oath is of no consequence ?—I mean that what I said was  shall be known, since the continuance of such proceeding
700 2952 2220 2988 of no consequence to what you said.[in the interval might be held to prejudice the case one way
724 2976 2221 3020 “Do you know the ninth commandment ?—I used toor the other. The commissioners request that you wil
696 3008 2228 3048 know them all once.notify to them, as soon as possible, the exact cases which
724 3032 2220 3080 “Have you never heard the commandment, ‘ Thou shalt  you desire to select, in such a form as to enable the indict-
696 3068 2228 3112 not bear false witness against thy neighbour ?”—Yes. But] ment and the information to be properly prepared forth-
696 3100 2228 3140 I made a mistake. I called ' Dearly beloved brethren' a with. The commissioners have no objection to both of
696 3128 2212 3168 prayer, but it bean't a prayer. The adults were present. them being seen by your solicitor before they are finall-
696 3156 1557 3200 Isaac Cobb and others were there. The boys and girls] settled
696 3188 2224 3228 laughed when master could not get on better with the “They also request, with reference to the former, that
700 3220 2224 3260 prayers. I did not laugh. It was not a subject to laugh at.] you will supply them with a list of witnesses necessary in
696 3244 2156 3288 My daughter did not attend prayers. I attended the boys your opinion to support the bill before the grand jury.
696 3280 2132 3320 in to prayers. They are generally read about half-past six, “I am, sir, your most obedient servant
696 3304 2188 3348 after supper. I can't tell the date or day of the week when] “ GEORGE COODE, Assistant-Secretary
1480 2472 1648 2512 own defence.
720 3356 2224 3412 “ On reading over the evidence it appeared that the assist- And what is to be done with the charges of drun-
696 3392 2204 3452 ant-commissioner had recorded that the witness had said the[kenness ? Nothing. There is not even the decenc
692 3420 1996 3488 sentences before ‘ Dearly beloved brethren' were of no conse- of a pretence of dealing with them.
744 3484 2212 3528 Mr Prendergast denied that the witness had said so.] The alleged immoralities, too, were not confingd
695 3508 2217 3556 What he said was, that having called the address beginning] to assaults with improper intent ; there were several
696 3540 2220 3592 “Dearly beloved brethren' a prayer was of no consequence. cases of consent, one confessed ; and do the Com-
692 3568 2216 3628 It was not a prayer for his calling it so.missioners mean it to be understood that the mas-
744 3600 2220 3660 Mr Parker.—No ; but he spoke of the sentences before[ ters of unions are at liberty to make brothels of
744 3660 2076 3708 Mr Prendergast.—Which was put upon him by Mrthem, provided they do not use violence ?
691 3688 2220 3732 Curtis, who asked him if he was not a Primitive Methodist.] As the law is notoriously a lottery with many
740 3720 2220 3768 Mr Curtis.—The words ‘ of no consequence' came from blanks, the proposal to put M'Dougal's guilt or
696 3748 2212 3804 you.,innocence of the many charges against him to the
740 3776 2216 3840 Mr Prendergast.—I beg your pardon. But, if that were issue of the trial of one case of assault and one of
732 3804 2220 3876 why put them on the witness ? �,., embezzlement, is the next thing to offering to settle
687 3864 2212 3912 no consequence' was meant by him to apply to his having the question by the cast of the dice ; and the cost
688 3892 2212 3945 called the address a prayer.” of the prosecution, excepting only the expenses of
724 3924 2212 3984 The explanation was not required; the man's the indictment and information, is to fall on the
688 3960 2216 4020 meaning was clearly enough that his mistake was persons who have endeavoured to apprise the
688 4000 2216 4052 of no consequence, and it was a vile trick, worthy ] Commissioners of the misconduct of their servant !
688 4036 2216 4088 of a Mawworm, to pretend that the remark applied] We hope the proposal will be spurned. It is
692 4072 2212 4124 to the Scriptural sentences.for the Commissioners to investigate the charges
720 4104 2208 4160 M'Dougal may or may not be fit to be conti- against the Master of the Andover Union, and to
688 4140 2212 4196 nued in his office, but there cannot be a doubt of satisfy themselves whether he is or is not a trust-
692 4176 2228 4232 what should be done with Mr Parker. For As-worthy servant. They are not to shuffle off their
1107 4232 1284 4264 LATEST ED
92 1492 305 1528 ON ROUND
92 1524 236 1548 Government.
92 1544 309 1576 5 vols. imperial 8vo,
92 1564 308 1596 tlas, 8l 8s.; and the
91 1588 309 1620 ten copies for sale)
91 1632 308 1664 “—Athenæum (first
92 1692 301 1724 UISER. Com-
92 1720 308 1752 s, Liberia, Madeira,
92 1740 309 1772 Vest Coast of Africa.
92 1764 308 1792 ł by NATH. HAW-
92 1804 309 1840 of this pleasant little
92 1864 308 1900 T. HEADLEY.
92 1952 309 1988 12mo, 3s. 6d.
92 2004 301 2036 d copyright series,
96 2060 292 2096 AMERICA
92 2092 293 2120 arden and Orchard
92 2112 292 2140 le finest varieties o
91 2131 300 2160 y. By A. J. DOWN-
92 2152 309 2184 &c. With nume-
92 2196 305 2224 rchardist and every
92 2220 308 2252 ormation.—United
92 2284 309 2324 GARDEN-
92 2352 288 2392 and RURAL
91 2424 300 2452 etches of a
92 2448 301 2480 land Geographical
91 2472 300 2500 ANIEL P. KIDDER.
92 2496 293 2524 igs, Portraits, and
92 2536 169 2568 ourier.
91 2572 296 2608 ONS: Trans-
88 2752 285 2780 ; Notes, Ex-
87 2776 292 2808 Ephesians. Philip-
88 2800 237 2828 12mo, 4s. 6d.
88 2832 293 2868 ALONIANS,
88 2916 293 2956 ols. ACTS,
88 2944 292 2980 ol. HEBREWS,
88 3028 272 3063 ORRESPON.
88 3056 289 3088 ethe, from 1794 to
87 3080 284 3112 tion, post 8vo, 6s.
88 3148 293 3180 on from so small a
88 3224 289 3264 GRAMMAR.
88 3288 268 3328 IARY. New
88 3316 285 3356 to edition, 2 vols.
88 3376 284 3416 NHATTAN.
88 3452 285 3484 FEMALES.
